% Encoding: UTF-8

@Book{AuerbachKotlikoff1987,
  title     = {Dynamic Fiscal Policy},
  publisher = {Cambridge University Press},
  year      = {1987},
  author    = {Auerbach, A. J., and Kotlikoff , L. J.},
  owner     = {klp4},
  timestamp = {2012.04.18},
}

@TechReport{DeBackerEtal:2017,
  author = {Jason DeBacker and Richard W. Evans and Kerk L. Phillips},
  title  = {Integrating Microsimulation Models of Tax Policy into a DGE Macroeconomic Model, A Canonical Example,},
  year   = {2017},
}

@Article{GouveiaStrauss:1994,
  author  = {Gouveia, Miguel and Rober P. Strauss},
  title   = {Effective Federal Income Tax Functions: An Exploratory Empirical Analysis},
  journal = {National Tax Journal},
  year    = {1994},
  volume  = {47},
  number  = {2},
  pages   = {317-339},
}

@TechReport{EvansPhillips:2015,
  author = {Richard W. Evans and Kerk L. Phillips},
  title  = {Forecasting the Social Security Trust Fund under Macroeconomic Uncertainty},
  year   = {2015},
}

@Article{NelsonEtal:2019,
  author  = {Jaeger Nelson and Kerk Phillips and Seth G. Benzell and Efraim Berkovich and Robert Carroll and Jason DeBacker and John Diamond and Richard Evans and Jagadeesh Gokhale and Laurence Kotlikoff and Guillermo LaGarda and James Mackie and Rachel Moore and Brandon Pecoraro and Brandon Pizzola and Victor Yifan Ye and George Zodrow},
  title   = {Macroeconomic Effects of Reducing OASI Benefits: A Comparison of Seven Overlapping-Generations Models},
  journal = {National Tax Journal},
  year    = {2019},
  volume  = {72},
  number  = {4},
  pages   = {671-692},
  doi     = {dx.doi.org/10.17310/ntj.2019.4.02},
}

@TechReport{NishiyamaReichling:2015,
  author      = {Shinichi Nishiyama and Felix Reichling},
  institution = {US Congressional Budget Office},
  title       = {The Costs to Different Generations of Policies That Close the Fiscal Gap},
  year        = {2015},
  number      = {2015-10},
  type        = {Working Paper},
}

@Article{NishiyamaSmetters:2007,
  author  = {Shinichi Nishiyama and Kent Smetters},
  journal = {The Quarterly Journal of Economics},
  title   = {Does social security privatization produce efficiency gains?},
  year    = {2007},
  number  = {4},
  pages   = {1677-1719},
  volume  = {22},
}

@Comment{jabref-meta: databaseType:bibtex;}
